<?xml version="1.0" encoding="UTF-8"?><record xmlns="http://www.loc.gov/MARC21/slim" xmlns:cinclude="http://apache.org/cocoon/include/1.0" xmlns:zs="http://www.loc.gov/zing/srw/">
  <leader>00426nz  a2200145n  4500</leader>
  <controlfield tag="001">no2004084331</controlfield>
  <controlfield tag="003">DLC</controlfield>
  <controlfield tag="005">20040902090236.0</controlfield>
  <controlfield tag="008">040901n| acannaabn          |n aaa     c</controlfield>
  <datafield tag="010" ind1=" " ind2=" ">
    <subfield code="a">no2004084331</subfield>
  </datafield>
  <datafield tag="035" ind1=" " ind2=" ">
    <subfield code="a">(OCoLC)oca06432420</subfield>
  </datafield>
  <datafield tag="040" ind1=" " ind2=" ">
    <subfield code="a">NcU</subfield>
    <subfield code="b">eng</subfield>
    <subfield code="c">NcU</subfield>
  </datafield>
  <datafield tag="100" ind1="1" ind2=" ">
    <subfield code="a">Franklin, Ronald</subfield>
    <subfield code="q">(Ronald L.)</subfield>
  </datafield>
  <datafield tag="670" ind1=" " ind2=" ">
    <subfield code="a">Lest we forget, 2002:</subfield>
    <subfield code="b">t.p. (Ronald Franklin)</subfield>
  </datafield>
  <datafield tag="670" ind1=" " ind2=" ">
    <subfield code="a">Email from author, 27 Aug. 2004</subfield>
    <subfield code="b">(Ronald L. Franklin, Sr.)</subfield>
  </datafield>
</record>